% Encoding: UTF-8
@article{souto2013spatially,
  title={Spatially-resolved imaging of concentration distributions on corroding magnesium-based materials exposed to aqueous environments by SECM},
  author={Souto, Ricardo M. and Kiss, András and Izquierdo, Javier and Nagy, Lívia and Bitter, István and Nagy, Géza},
  journal={Electrochemistry Communications},
  volume={26},
  pages={25--28},
  year={2013},
  publisher={Elsevier}
}

@Article{horrocks1993scanning,
  author    = {Horrocks, Benjamin R and Mirkin, Michael V and Pierce, David T and Bard, Allen J and Nagy, Géza and Tóth, Klára},
  title     = {Scanning electrochemical microscopy. 19. {I}on-selective potentiometric microscopy},
  journal   = {Analytical Chemistry},
  year      = {1993},
  volume    = {65},
  number    = {9},
  pages     = {1213--1224},
  publisher = {ACS Publications},
}

@Book{mcnaught1997compendium,
  title     = {Compendium of chemical terminology},
  publisher = {Blackwell Science Oxford},
  year      = {1997},
  author    = {McNaught, Alan D and McNaught, Alan D},
  volume    = {1669},
  edition   = {Second},
  isbn      = {0865426848},
}

@article{halliwell1987using,
  title={Using microelectrodes},
  author={Halliwell, James and Whitaker, Michael and Ogden, David},
  journal={Microelectrode techniques. The Company of Biologists Limited, Cambridge, ppl},
  volume={12},
  year={1987}
}

@Article{gyurcsanyi2004chemical,
  author    = {Gyurcsányi, Róbert E and Jágerszki, Gyula and Kiss, Gergely and Tóth, Klára},
  title     = {Chemical imaging of biological systems with the scanning electrochemical microscope},
  journal   = {Bioelectrochemistry},
  year      = {2004},
  volume    = {63},
  number    = {1},
  pages     = {207--215},
  publisher = {Elsevier},
}

@Article{toth1993analytical,
  author    = {Tóth, Klára and Lindner, Ernő and Horváth, Mária and Jeney, Judit and Pungor, Ernő and Bitter, István and Ágai, Béla and Tőke, László},
  title     = {Analytical performances of lipophilic diamides based alkaline earth ion-selective electrodes},
  journal   = {Electroanalysis},
  year      = {1993},
  volume    = {5},
  number    = {9-10},
  pages     = {781--790},
  publisher = {Wiley Online Library},
}

@Article{gyetvai2007solid,
  author    = {Gyetvai, Gergely and Sundblom, Sören and Nagy, Lívia and Ivaska, Ari and Nagy, Géza},
  title     = {Solid contact micropipette ion selective electrode for potentiometric {SECM}},
  journal   = {Electroanalysis},
  year      = {2007},
  volume    = {19},
  number    = {10},
  pages     = {1116--1122},
  publisher = {Wiley Online Library},
}

@Article{lamaka2009novel,
  author    = {Lamaka, Svetlana V and Taryba, Maryna G and Zheludkevich, Mikhail L and Ferreira, Mario G S},
  title     = {Novel Solid-Contact Ion-Selective Microelectrodes for Localized Potentiometric Measurements},
  journal   = {Electroanalysis},
  year      = {2009},
  volume    = {21},
  number    = {22},
  pages     = {2447--2453},
  publisher = {Wiley Online Library},
}

@Article{beyenal2004improved,
  author    = {Beyenal, Haluk and Davis, Catherine C and Lewandowski, Zbigniew},
  title     = {An improved {S}everinghaus-type carbon dioxide microelectrode for use in biofilms},
  journal   = {Sensors and Actuators B: Chemical},
  year      = {2004},
  volume    = {97},
  number    = {2},
  pages     = {202--210},
  publisher = {Elsevier},
}

@Article{uhl1923electrometric,
  author    = {Uhl, Alfred and Kestranek, Wilhelm},
  title     = {The electrometric titration of acids and bases with the antimony indicator electrodes},
  journal   = {Monatshefte für Chemie -- Chemical Monthly},
  year      = {1923},
  volume    = {44},
  number    = {1},
  pages     = {29--34},
  publisher = {Springer Vienna},
}

@Article{scott1993iontophoretic,
  author    = {Scott, Erik R and White, Henry S and Phipps, J Bradley},
  title     = {Iontophoretic transport through porous membranes using scanning electrochemical microscopy: application to in vitro studies of ion fluxes through skin},
  journal   = {Analytical Chemistry},
  year      = {1993},
  volume    = {65},
  number    = {11},
  pages     = {1537--1545},
  publisher = {ACS Publications},
}

@Misc{lide2001crc,
  author    = {Lide, David R},
  title     = {{CRC} {H}andbook of {P}hysics and {C}hemistry},
  year      = {2001},
  publisher = {CRC},
}

@Article{lindner1976response,
  author    = {Lindner, Ernő and Tóth, Klára and Pungor, Ernő},
  title     = {Response time curves of ion-selective electrodes},
  journal   = {Analytical Chemistry},
  year      = {1976},
  volume    = {48},
  number    = {7},
  pages     = {1071--1078},
  publisher = {ACS Publications},
}

@Article{calugareanu2013ion,
  author    = {Calugareanu, Mihaela and Nagy, Géza and Josceanu, Ana Maria and Nagy, Lívia},
  title     = {Ion selective electrodes for microalgal biotechnology},
  journal   = {Revista de Chimie},
  year      = {2013},
  volume    = {64},
  number    = {2},
  pages     = {205--209},
  publisher = {SC Biblioteca Chimiei SA},
}

@misc{britzdigital,
  title={Digital Simulation in Electrochemistry, 1988},
  author={Britz, D},
  publisher={Springer, Berlin}
}

@Article{graham1946judith,
  author    = {Graham, Judith and Gerard, R. W.},
  title     = {Membrane potentials and excitation of impaled single muscle fibers},
  journal   = {Journal of Cellular Physiology},
  year      = {1946},
  volume    = {28},
  number    = {1},
  pages     = {99--117},
  publisher = {Wiley Online Library},
}

@Article{webb1940electrolyte,
  author    = {Webb, D A and Young, J Z},
  title     = {Electrolyte content and action potential of the giant nerve fibres of {L}oligo},
  journal   = {The Journal of Physiology},
  year      = {1940},
  volume    = {98},
  number    = {3},
  pages     = {299–313},
  publisher = {Wiley Online Library},
}

@Article{curtis1942membrane,
  author    = {Curtis, Howard J and Cole, Kenneth S},
  title     = {Membrane resting and action potentials from the squid giant axon},
  journal   = {Journal of Cellular Physiology},
  year      = {1942},
  volume    = {19},
  number    = {2},
  pages     = {135--144},
  publisher = {Wiley Online Library},
}

@Article{curtis1940membrane,
  author    = {Curtis, Howard J and Cole, Kenneth S},
  title     = {Membrane action potentials from the squid giant axon},
  journal   = {Journal of Cellular Physiology},
  year      = {1940},
  volume    = {15},
  number    = {2},
  pages     = {147--157},
  publisher = {Wiley Online Library},
}

@Article{ling1949normal,
  author    = {Ling, G. and Gerard, R. W.},
  title     = {The normal membrane potential of frog sartorius fibers},
  journal   = {Journal of Cellular Physiology},
  year      = {1949},
  volume    = {34},
  number    = {3},
  pages     = {383--396},
  publisher = {Wiley Online Library},
}

@Article{nastuk1950electrical,
  author    = {Nastuk, W.L. and Hodgkin, A. L.},
  title     = {The electrical activity of single muscle fibers},
  journal   = {Journal of Cellular Physiology},
  year      = {1950},
  volume    = {35},
  number    = {1},
  pages     = {39--73},
  publisher = {Wiley Online Library},
}

@Article{hodgkin1949membrane,
  author  = {Hodgkin, A L and Nastuk, W L},
  title   = {Membrane potentials in single fibres of the frog's sartorius muscle},
  journal = {The Journal of Physiology},
  year    = {1949},
  volume  = {108},
  number  = {3},
  pages   = {Proc--42},
}

@Article{ling1950external,
  author    = {Ling, Gilbert and Gerard, R W},
  title     = {External potassium and the membrane potential of single muscle fibres},
  journal   = {Nature},
  year      = {1950},
  volume    = {165},
  pages     = {113 - 114},
  publisher = {Nature Publishing Group},
}

@Article{neher1976single,
  author    = {Neher, Erwin and Sakmann, Bert},
  title     = {Single-channel currents recorded from membrane of denervated frog muscle fibres},
  journal   = {Nature},
  year      = {1976},
  volume    = {260},
  pages     = {799-802},
  publisher = {Nature Publishing Group},
}

@Article{neher1978extracellular,
  author    = {Neher, Erwin and Sakmann, Bert and Steinbach, Joe Henry},
  title     = {The extracellular patch clamp: {A} method for resolving currents through individual open channels in biological membranes},
  journal   = {Pflügers Archiv},
  year      = {1978},
  volume    = {375},
  number    = {2},
  pages     = {219--228},
  publisher = {Springer Berlin Heidelberg},
}

@Book{cremer1906direkte,
  title     = {{\"U}ber die direkte {A}bleitung der {A}ktionsstr{\"o}me des menschlichen {H}erzens vom {O}esophagus und {\"u}ber das {E}lektrokardogramm des {F}{\"o}tus},
  publisher = {Lehmann},
  year      = {1906},
  author    = {Cremer, Max},
}

@Book{cremer1906ursache,
  title     = {{\"U}ber die {U}rsache der elektromotorischen {E}igenschaften der {G}ewebe, zugleich ein {B}eitrag zur {L}ehre von den polyphasischen {E}lektrolytketten},
  publisher = {R. Oldenbourg},
  year      = {1906},
  author    = {Cremer, Max},
}

@Article{sorensen1909messung,
  author  = {Sørensen, Søren Peter Lauritz},
  title   = {Über die {M}essung und die {B}edeutung der {W}asserstoffionenkonzentration bei enzymatischen {P}rozessen},
  journal = {Biochemische Zeitschrift},
  year    = {1909},
  volume  = {21},
  pages   = {131-304},
}

@Book{durst1975standardization,
  title     = {Standardization of p{H} measurements},
  publisher = {U.S. Government Printing Office},
  year      = {1975},
  author    = {Durst, Richard A},
  volume    = {260},
  number    = {53},
}

@Article{covington2002measurement,
  author    = {Buck, R. P. and Rondinini, S. and Covington, A. K. and Baucke, F. G. K. and Brett, Christopher M. A. and Camoes , M. F. and Milton, M. J. T. and Mussini, T. and Naumann, R. and Pratt, K. W. and Spitzer, P. and Wilson, G. S.},
  title     = {Measurement of p{H}. {D}efinition, standards, and procedures},
  journal   = {Pure and Applied Chemistry},
  year      = {2002},
  volume    = {74},
  number    = {11},
  pages     = {2169–2200},
  publisher = {The Scientific Journal of IUPAC},
}

@Article{caldwell1954investigation,
  author    = {Caldwell, PC},
  title     = {An investigation of the intracellular p{H} of crab muscle fibres by means of micro-glass and micro-tungsten electrodes},
  journal   = {The Journal of Physiology},
  year      = {1954},
  volume    = {126},
  number    = {1},
  pages     = {169–180},
  publisher = {Wiley Online Library},
}

@Article{haber1909elektrische,
  author  = {Haber, Fritz and Klemensiewicz, Zygmunt},
  title   = {Über elektrische {P}hasengrenzkr{\"a}fte},
  journal = {Zeitschrift für Physikalische Chemie},
  year    = {1909},
  volume  = {67},
  pages   = {385--431},
}

@Article{haber1909concerning,
  author    = {Haber, F and Klemensiewicz, Z},
  title     = {Concerning electrical phase boundary forces},
  journal   = {Zeitschrift für Physikalische Chemie, Stöchiometrie und Verwandtschaftslehre},
  year      = {1909},
  volume    = {67},
  number    = {4},
  pages     = {385--431},
  publisher = {Akademische Verlagesellschaft},
}

@article{eisenman1957glass,
  title={Glass electrode for measuring sodium ion},
  author={Eisenman, George and Rudin, Donald O and Casby, James U},
  journal={Science},
  volume={126},
  number={3278},
  pages={831--834},
  year={1957},
  publisher={American Association for the Advancement of Science}
}

@Article{hinke1959glass,
  author    = {Hinke, JAM},
  title     = {Glass micro-electrodes for measuring intracellular activities of sodium and potassium},
  journal   = {Nature},
  year      = {1959},
  volume    = {184},
  pages     = {1257 - 1258},
  publisher = {Nature Publishing Group},
}

@Article{lengyel1934behaviour,
  author    = {Lengyel, B and Blum, E},
  title     = {The behaviour of the glass electrode in connection with its chemical composition},
  journal   = {Transactions of the Faraday Society},
  year      = {1934},
  volume    = {30},
  pages     = {461--471},
  publisher = {Royal Society of Chemistry},
}

@Article{friedman1958use,
  author    = {Friedman, Sydney M and Jamieson, James D and Hinke, JA and Friedman, Constance L},
  title     = {Use of glass electrode for measuring sodium in biological systems},
  journal   = {Proceedings of the Society for Experimental Biology and Medicine},
  year      = {1958},
  volume    = {99},
  number    = {3},
  pages     = {727--730},
  publisher = {Wiley Online Library},
}

@Article{friedman1959drug,
  author    = {Friedman, Sydney M and Jamieson, James D and Hinke, JAM and Friedman, Constance L},
  title     = {Drug-induced changes in blood pressure and in blood sodium as measured by glass electrode},
  journal   = {American Journal of Physiology--Legacy Content},
  year      = {1959},
  volume    = {196},
  number    = {5},
  pages     = {1049--1052},
  publisher = {American Physiological Society},
}

@article{eisenman1967membrane,
  title={Membrane structure and ion permeation},
  author={Eisenman, G and Sandblom, JP and Walker, JL},
  journal={Science},
  volume={155},
  number={3765},
  pages={965--974},
  year={1967},
  publisher={American Association for the Advancement of Science}
}

@Article{beutner1913new,
  author    = {Beutner, Reinhard},
  title     = {New Galvanic Phenomena},
  journal   = {American Journal of Physiology--Legacy Content},
  year      = {1913},
  volume    = {31},
  number    = {6},
  pages     = {343--351},
  publisher = {American Physiological Society},
}

@Article{walkerLIX1,
  author    = {Sandblom, JP and Eisenmann, G and Walker, JL},
  title     = {Electrical Phenomena Associated with the Transport of Ions and Ion Pairs in Liquid Ion-Exchange Membranes. {I}. Zero Current Properties},
  journal   = {The Journal of Physical Chemistry},
  year      = {1967},
  volume    = {71},
  number    = {12},
  pages     = {3862--3870},
  publisher = {ACS Publications},
}

@Article{walkerLIX2,
  author    = {Sandblom, JP and Eisenmann, G and Walker, JL},
  title     = {Electrical Phenomena Associated with the Transport of Ions and Ion Pairs in Liquid Ion-Exchange Membranes. {II}. Nonzero Current Properties},
  journal   = {The Journal of Physical Chemistry},
  year      = {1967},
  volume    = {71},
  number    = {12},
  pages     = {3871--3878},
  publisher = {ACS Publications},
}

@Article{walker1971ion,
  author    = {Walker, John Lawrence},
  title     = {Ion specific liquid ion exchanger microelectrodes},
  journal   = {Analytical Chemistry},
  year      = {1971},
  volume    = {43},
  number    = {3},
  pages     = {89A--93A},
  publisher = {ACS Publications},
}

@Article{nicolsky1937theory,
  author  = {Nicolsky, BP},
  title   = {Theory of the glass electrode. {I}},
  journal = {Acta Physicochimica USSR},
  year    = {1937},
  volume  = {7},
  pages   = {597-610},
}

@Article{vstefanac1967ion,
  author    = {Štefanac, Z. and Simon, W.},
  title     = {Ion specific electrochemical behavior of macrotetrolides in membranes},
  journal   = {Microchemical Journal},
  year      = {1967},
  volume    = {12},
  number    = {1},
  pages     = {125--132},
  publisher = {Elsevier},
}

@Article{stefanac1966highly,
  author  = {Štefanac, Z and Simon, W},
  title   = {Highly selective cation electrode systems based on in-vitro behavior of macrotetrolides in membranes},
  journal = {Chimica},
  year    = {1966},
  volume  = {20},
  number  = {12},
  pages   = {436--440},
}

@Article{kimura1979potassium,
  author    = {Kimura, Keiichi and Maeda, Takumi and Tamura, Hiroshi and Shono, Toshiyuki},
  title     = {Potassium-selective {PVC} membrane electrodes based on bis- and poly(crown ether)s},
  journal   = {Journal of Electroanalytical Chemistry and Interfacial Electrochemistry},
  year      = {1979},
  volume    = {95},
  number    = {1},
  pages     = {91--101},
  publisher = {Elsevier},
}

@Article{ammann1987valinomycin,
  author    = {Ammann, Daniel and Chao, Pingsan and Simon, Wilhelm},
  title     = {Valinomycin-based {K}$^{+}$ selective microelectrodes with low electrical membrane resistance},
  journal   = {Neuroscience Letters},
  year      = {1987},
  volume    = {74},
  number    = {2},
  pages     = {221--226},
  publisher = {Elsevier},
}

@Article{oehme1976microelectrode,
  author    = {Oehme, M and Simon, W},
  title     = {Microelectrode for potassium ions based on a neutral carrier and comparison of its characteristics with a cation exchanger sensor},
  journal   = {Analytica Chimica Acta},
  year      = {1976},
  volume    = {86},
  pages     = {21--25},
  publisher = {Elsevier},
}

@Article{wuhrmann1979change,
  author    = {Wuhrmann, P and Ineichen, H and Riesen-Willi, U and Lezzi, M},
  title     = {Change in nuclear potassium electrochemical activity and puffing of potassium-sensitive salivary chromosome regions during Chironomus development},
  journal   = {Proceedings of the National Academy of Sciences of the United States of America},
  year      = {1979},
  volume    = {76},
  number    = {2},
  pages     = {806--808},
  publisher = {National Academy of Sciences},
}

@article{harned1958activity,
  title={The activity coefficient of hydrochloric acid in potassium chloride solutions},
  author={Harned, Herbert S and Gancy, AB},
  journal={The Journal of Physical Chemistry},
  volume={62},
  number={5},
  pages={627--629},
  year={1958},
  publisher={ACS Publications}
}

@Article{bates1960report,
  author  = {Bates, RG and Guggenheim, EA},
  title   = {Report on the standardization of p{H} and related terminology},
  journal = {Pure and Applied Chemistry},
  year    = {1960},
  volume  = {1},
  number  = {1},
  pages   = {163--168},
}

@Article{binnig1982surface,
  author    = {Binnig, Gerd and Rohrer, Heinrich and Gerber, Ch and Weibel, E},
  title     = {Surface studies by scanning tunneling microscopy},
  journal   = {Physical Review Letters},
  year      = {1982},
  volume    = {49},
  number    = {1},
  pages     = {57},
  publisher = {APS},
}

@Article{binnig1982tunneling,
  author    = {Binnig, Gerd and Rohrer, Heinrich and Gerber, Ch and Weibel, Eddie},
  title     = {Tunneling through a controllable vacuum gap},
  journal   = {Applied Physics Letters},
  year      = {1982},
  volume    = {40},
  number    = {2},
  pages     = {178--180},
  publisher = {AIP Publishing LLC},
}

@Conference{binnig1982physica,
  author  = {Binnig, Gerd and Rohrer, Heinrich and Gerber, Ch and Weibel, E},
  title   = {Physica ({U}trecht) 107{B+C}, 1338, {P}roceedings of the {S}ixteenth {I}nternational {C}onference on {L}ow-{T}emperature {P}hysics, {L}os {A}ngeles, 19-28 {A}ugust 1981.},
  year    = {1981},
  journal = {Appl. Phys. Lett},
}

@misc{bennig1988atomic,
  title={Atomic {F}orce {M}icroscope and method for imaging surfaces with atomic resolution},
  author={Binnig, G.K.},
  url={https://www.google.com/patents/US4724318},
  year={1988},
  month=feb # "~9",
  publisher={Google Patents},
  note={US Patent 4,724,318}
}

@Article{binnig1986atomic,
  author    = {Binnig, Gerd and Quate, Calvin F and Gerber, Ch},
  title     = {Atomic {F}orce {M}icroscope},
  journal   = {Physical Review Letters},
  year      = {1986},
  volume    = {56},
  number    = {9},
  pages     = {930},
  publisher = {American Physical Society},
}

@incollection{kaiser1990direct,
  title={Direct investigation of subsurface interface electronic structure by ballistic-electron-emission microscopy},
  author={Kaiser, WJ and Bell, LD},
  booktitle={Electronic Structure of Metal-Semiconductor Contacts},
  pages={252--255},
  year={1990},
  publisher={Springer}
}

@Article{weaver1991high,
  author    = {Weaver, J M R and Abraham, David W},
  title     = {High resolution atomic force microscopy potentiometry},
  journal   = {Journal of Vacuum Science \& Technology B, Nanotechnology and Microelectronics: Materials, Processing, Measurement, and Phenomena},
  year      = {1991},
  volume    = {9},
  number    = {3},
  pages     = {1559--1561},
  publisher = {AIP Publishing LLC},
}

@Article{nonnenmacher1991kelvin,
  author    = {Nonnenmacher, M and o'Boyle, M P and Wickramasinghe, H K},
  title     = {Kelvin probe force microscopy},
  journal   = {Applied Physics Letters},
  year      = {1991},
  volume    = {58},
  number    = {25},
  pages     = {2921--2923},
  publisher = {AIP Publishing LLC},
}

@Article{hartmann1988magnetic,
  author    = {Hartmann, U},
  title     = {Magnetic force microscopy: {S}ome remarks from the micromagnetic point of view},
  journal   = {Journal of Applied Physics},
  year      = {1988},
  volume    = {64},
  number    = {3},
  pages     = {1561--1564},
  publisher = {AIP Publishing LLC},
}

@Article{chang1992scanning,
  author    = {Chang, Albert M and Hallen, Hans D and Harriott, L and Hess, H F and Kao, H L and Kwo, J and Miller, R E and Wolfe, R and Van der Ziel, J and Chang, T Y},
  title     = {Scanning {H}all probe microscopy},
  journal   = {Applied Physics Letters},
  year      = {1992},
  volume    = {61},
  number    = {16},
  pages     = {1974--1976},
  publisher = {AIP Publishing LLC.},
}

@Article{hansma1989scanning,
  author    = {Hansma, P K and Drake, B and Marti, O and Gould, S A and Prater, C B},
  title     = {The scanning ion-conductance microscope},
  journal   = {Science},
  year      = {1989},
  volume    = {243},
  number    = {4891},
  pages     = {641--643},
  publisher = {American Association for the Advancement of Science},
}

@Article{xu1994thermal,
  author    = {Xu, J B and L{\"a}uger, K and Dransfeld, K and Wilson, IH},
  title     = {Thermal sensors for investigation of heat transfer in scanning probe microscopy},
  journal   = {Review of Scientific Instruments},
  year      = {1994},
  volume    = {65},
  number    = {7},
  pages     = {2262--2266},
  publisher = {AIP Publishing LLC},
}

@Article{trenkler1998nanopotentiometry,
  author    = {Trenkler, Thomas and De Wolf, Peter and Vandervorst, Wilfried and Hellemans, Louis},
  title     = {Nanopotentiometry: {L}ocal potential measurements in complementary metal--oxide--semiconductor transistors using atomic force microscopy},
  journal   = {Journal of Vacuum Science \& Technology B, Nanotechnology and Microelectronics: Materials, Processing, Measurement, and Phenomena},
  year      = {1998},
  volume    = {16},
  number    = {1},
  pages     = {367--372},
  publisher = {AVS: Science \& Technology of Materials, Interfaces, and Processing},
}

@Article{bard1989scanning,
  author    = {Bard, Allen J and Fan, Fu Ren F and Kwak, Juhyoun and Lev, Ovadia},
  title     = {Scanning electrochemical microscopy. {I}ntroduction and principles},
  journal   = {Analytical Chemistry},
  year      = {1989},
  volume    = {61},
  number    = {2},
  pages     = {132--138},
  publisher = {ACS Publications},
}

@article{engstrom1986measurements,
  title={Measurements within the diffusion layer using a microelectrode probe},
  author={Engstrom, Royce C and Weber, Michael and Wunder, Daniel J and Burgess, Robert and Winquist, Sharon},
  journal={Analytical Chemistry},
  volume={58},
  number={4},
  pages={844--848},
  year={1986},
  publisher={ACS Publications}
}

@article{garcia1988electrochemistry,
  title={Electrochemistry in liquid sulfur dioxide. 8. Oxidation of iron, ruthenium, and osmium bipyridine complexes at ultramicroelectrodes at very positive potentials},
  author={Garcia, Edwin and Kwak, Juhyoun and Bard, Allen J},
  journal={Inorganic Chemistry},
  volume={27},
  number={24},
  pages={4377--4382},
  year={1988},
  publisher={ACS Publications}
}

@article{wipf1988fast,
  title={Fast-scan cyclic voltammetry as a method to measure rapid heterogeneous electron-transfer kinetics},
  author={Wipf, David O and Kristensen, Eric W and Deakin, Mark R and Wightman, R Mark},
  journal={Analytical Chemistry},
  volume={60},
  number={4},
  pages={306--310},
  year={1988},
  publisher={ACS Publications}
}

@article{engstrom1989scanning,
  title={Scanning electrochemical microscopy},
  author={Engstrom, Royce C and Pharr, Christine M},
  journal={Analytical Chemistry},
  volume={61},
  number={19},
  pages={1099A--1104A},
  year={1989},
  publisher={ACS Publications}
}

@Article{Horrocks1993,
  author    = {Horrocks, Benjamin R and Mirkin, Michael V and Pierce, David T and Bard, Allen J and Nagy, Géza and Tóth, Klára},
  title     = {Scanning electrochemical microscopy. 19. Ion-selective potentiometric microscopy},
  journal   = {Analytical Chemistry},
  year      = {1993},
  volume    = {65},
  number    = {9},
  pages     = {1213--1224},
  publisher = {ACS Publications},
}

@Book{peter2010atomic,
  title     = {Atomic {F}orce {M}icroscopy},
  publisher = {Oxford University Press},
  year      = {2010},
  author    = {Eaton, Peter and West, Paul},
}

@Article{lo1993investigation,
  author    = {Lo, W K and Spence, J C H},
  title     = {Investigation of {STM} image artifacts by in-situ reflection electron microscopy},
  journal   = {Ultramicroscopy},
  year      = {1993},
  volume    = {48},
  number    = {4},
  pages     = {433--444},
  publisher = {Elsevier},
}

@Article{chen2006deconvolution,
  author    = {Udpa, L and Ayres, Virginia M. and Fan, Yuan and Chen, Qian and Kumar, Shiva Arun},
  title     = {Deconvolution of atomic force microscopy data for cellular and molecular imaging},
  journal   = {IEEE Signal Processing Magazine},
  year      = {2006},
  volume    = {23},
  number    = {3},
  pages     = {73 - 83},
  publisher = {IEEE},
}

@article{osiro2012measuring,
  title={Measuring bacterial cells size with {AFM}},
  author={Osiro, Denise and Bernardes Filho, Rubens and Assis, Odilio Benedito Garrido and Jorge, L{\'u}cio Andr{\'e} de Castro and Colnago, Luiz Alberto},
  journal={Brazilian Journal of Microbiology},
  volume={43},
  number={1},
  pages={341--347},
  year={2012},
  publisher={SciELO Brasil}
}

@Article{bukharaev1998three,
  author  = {Bukharaev, AA and Berdunov, NV and Ovchinnikov, DV and Salikhov, KM},
  title   = {Three-dimensional probe and surface reconstruction for atomic force microscopy using a deconvolution algorithm},
  journal = {Scanning Microscopy},
  year    = {1998},
  volume  = {12},
  number  = {1},
  pages   = {225-234},
}

@Article{robinson1988increasing,
  author    = {Robinson, RS},
  title     = {Increasing the scanning speed of scanning tunnelling microscopes},
  journal   = {Journal of Microscopy},
  year      = {1988},
  volume    = {152},
  number    = {3},
  pages     = {387–397},
  publisher = {Wiley Online Library},
}

@Article{lee1991scanning,
  author    = {Lee, Chongmok and Wipf, David O and Bard, Allen J and Bartels, Keith and Bovik, Alan C},
  title     = {Scanning electrochemical microscopy. 11. {I}mprovement of image resolution by digital processing techniques},
  journal   = {Analytical Chemistry},
  year      = {1991},
  volume    = {63},
  number    = {21},
  pages     = {2442--2447},
  publisher = {ACS Publications},
}

@Article{schrader1996potential,
  author    = {Schrader, M and Hell, SW and Van der Voort, HTM},
  title     = {Potential of confocal microscopes to resolve in the 50--100 nm range},
  journal   = {Applied Physics Letters},
  year      = {1996},
  volume    = {69},
  number    = {24},
  pages     = {3644--3646},
  publisher = {AIP Publishing LLC},
}

@Article{abbe1873beitrage,
  author    = {Abbe, Ernst},
  title     = {Beitr{\"a}ge zur {T}heorie des {M}ikroskops und der mikroskopischen {W}ahrnehmung},
  journal   = {Archiv für mikroskopische Anatomie},
  year      = {1873},
  volume    = {9},
  number    = {1},
  pages     = {413--418},
  publisher = {Springer},
}

@Article{kwak1989scanning,
  author    = {Kwak, Juhyoun and Bard, Allen J},
  title     = {Scanning electrochemical microscopy. {T}heory of the feedback mode},
  journal   = {Analytical Chemistry},
  year      = {1989},
  volume    = {61},
  number    = {11},
  pages     = {1221--1227},
  publisher = {ACS Publications},
}

@Article{lam2000iterative,
  author    = {Lam, Edmund Y and Goodman, Joseph W},
  title     = {Iterative statistical approach to blind image deconvolution},
  journal   = {Journal of the Optical Society of America A},
  year      = {2000},
  volume    = {17},
  number    = {7},
  pages     = {1177--1184},
  publisher = {The Optical Society},
}

@Article{lindner1986definition,
  author    = {Lindner, E and Tóth, Klára and Pungor, E},
  title     = {Definition and determination of response time of ion selective electrodes},
  journal   = {Pure and Applied Chemistry},
  year      = {1986},
  volume    = {58},
  number    = {3},
  pages     = {469--479},
  publisher = {The Scientific Journal of IUPAC},
}

@Article{lindner1984definition,
  author    = {Lindner, Ernő and Tóth, Klára and Pungor, Ernő},
  title     = {Definition of the response time of ion-selective electrodes and potentiometric cells},
  journal   = {Analytical Chemistry},
  year      = {1984},
  volume    = {56},
  number    = {4},
  pages     = {808--810},
  publisher = {ACS Publications},
}

@Article{lindner1982response,
  author    = {Lindner, Ernő and Tóth, Klára and Pungor, Ernő},
  title     = {Response time studies for precipitate-based ion-selective electrodes in the range of the lower detection limit},
  journal   = {Analytical Chemistry},
  year      = {1982},
  volume    = {54},
  number    = {1},
  pages     = {72--76},
  publisher = {ACS Publications},
}

@Article{havas1981,
  author    = {Havas, J.; Kecskes, L.; Erdelyi, J.},
  journal   = {Hungarian Scientific Instruments},
  year      = {1981},
  volume    = {57},
  pages     = {27},
  publisher = {METRIMPEX Technical Department},
}

@Article{severinghaus1958electrodes,
  author    = {Severinghaus, John W and Bradley, A Freeman},
  title     = {Electrodes for blood p$_{\textrm{O}_2}$ and p$_{\textrm{CO}_2}$ determination},
  journal   = {Journal of Applied Physiology},
  year      = {1958},
  volume    = {13},
  number    = {3},
  pages     = {515--520},
  publisher = {The American Physiological Society},
}

@Article{cai1993development,
  author    = {Cai, Wei-Jun and Reimers, Clare E},
  title     = {The development of p{H} and p$_{\textrm{CO}_2}$ microelectrodes for studying the carbonate chemistry of pore waters near the sediment-water interface},
  journal   = {Limnology and Oceanography},
  year      = {1993},
  volume    = {38},
  number    = {8},
  pages     = {1762--1773},
  publisher = {Wiley Online Library},
}

@Article{de1997fast,
  author    = {De Beer, Dirk and Glud, Anni and Epping, Eric and Kuhl, Michael},
  title     = {A fast-responding {CO}$_2$ microelectrode for profiling sediments, microbial mats, and biofilms},
  journal   = {Limnology and Oceanography},
  year      = {1997},
  volume    = {42},
  number    = {7},
  pages     = {1590--1600},
  publisher = {Wiley Online Library},
}

@Article{zhao1997improved,
  author    = {Zhao, Pingsan and Cai, Wei-Jun},
  title     = {An improved potentiometric p$_{\textrm{CO}_2}$ microelectrode},
  journal   = {Analytical Chemistry},
  year      = {1997},
  volume    = {69},
  number    = {24},
  pages     = {5052--5058},
  publisher = {ACS Publications},
}

@article{hanstein2001miniaturised,
  title={Miniaturised carbon dioxide sensor designed for measurements within plant leaves},
  author={Hanstein, Stefan and de Beer, Dirk and Felle, Hubert H},
  journal={Sensors and Actuators B: Chemical},
  volume={81},
  number={1},
  pages={107--114},
  year={2001},
  publisher={Elsevier}
}

@Article{Beyenal2004,
  author    = {Beyenal, Haluk and Davis, Catherine C and Lewandowski, Zbigniew},
  title     = {An improved {S}everinghaus-type carbon dioxide microelectrode for use in biofilms},
  journal   = {Sensors and Actuators B: Chemical},
  year      = {2004},
  volume    = {97},
  number    = {2-3},
  pages     = {202--210},
  publisher = {Elsevier},
}

@Article{clark1953continuous,
  author    = {Clark, Leland C and Wolf, Richard and Granger, Donald and Taylor, Zena},
  title     = {Continuous recording of blood oxygen tensions by polarography},
  journal   = {Journal of Applied Physiology},
  year      = {1953},
  volume    = {6},
  number    = {3},
  pages     = {189--193},
  publisher = {The American Physiological Society},
}

@book{bard2012scanning,
  title={Scanning electrochemical microscopy},
  author={Bard, Allen J and Mirkin, Michael V},
  year={2012},
  publisher={CRC Press}
}

@Book{bard1994scanning,
  title     = {Scanning electrochemical microscopy},
  publisher = {Marcel Dekker: New York},
  year      = {1994},
  author    = {Bard, Allen J and Fan, Fu-Ren F and Mirkin, Michael V},
  volume    = {18},
  journal   = {Electroanalytical chemistry},
  pages     = {243--373},
}

@Article{kiss2011air,
  author    = {Kiss, András and Kiss, László and Kovács, Barna and Nagy, Géza},
  title     = {Air Gap Microcell for Scanning Electrochemical Microscopic Imaging of Carbon Dioxide Output. {M}odel Calculation and Gas Phase {SECM} Measurements for Estimation of Carbon Dioxide Producing Activity of Microbial Sources},
  journal   = {Electroanalysis},
  year      = {2011},
  volume    = {23},
  number    = {10},
  pages     = {2320--2326},
  publisher = {Wiley Online Library},
}

@Article{nikolskii1985solid,
  author    = {Nikolskii, BP and Materova, EA},
  title     = {Solid contact in membrane ion-selective electrodes},
  journal   = {Ion-Selective Electrode Reviews},
  year      = {1985},
  volume    = {7},
  number    = {3},
  pages     = {3-39},
  publisher = {Elsevier},
}

@article{cattrall1971coated,
  title={Coated wire ion-selective electrodes},
  author={Cattrall, RW and Freiser, Henry},
  journal={Analytical Chemistry},
  volume={43},
  number={13},
  pages={1905--1906},
  year={1971},
  publisher={ACS Publications}
}

@article{bobacka2003potentiometric,
  title={Potentiometric ion sensors based on conducting polymers},
  author={Bobacka, Johan and Ivaska, Ari and Lewenstam, Andrzej},
  journal={Electroanalysis},
  volume={15},
  number={5-6},
  pages={366--374},
  year={2003},
  publisher={Wiley Online Library}
}

@Article{bobacka2004all,
  author    = {Bobacka, Johan and Lindfors, Tom and Lewenstam, Andrzej and Ivaska, Ari},
  title     = {All-solid-state ion sensors using conducting polymers as ion-to-electron transducers},
  journal   = {American Laboratory},
  year      = {2004},
  volume    = {36},
  number    = {3},
  pages     = {13--20},
  publisher = {International Scientific Communications},
}

@article{bobacka2006conducting,
  title={Conducting Polymer-Based Solid-State Ion-Selective Electrodes},
  author={Bobacka, Johan},
  journal={Electroanalysis},
  volume={18},
  number={1},
  pages={7--18},
  year={2006},
  publisher={Wiley Online Library}
}

@Article{michalska2006optimizing,
  author    = {Michalska, Agata},
  title     = {Optimizing the analytical performance and construction of ion-selective electrodes with conducting polymer-based ion-to-electron transducers},
  journal   = {Analytical and Bioanalytical Chemistry},
  year      = {2006},
  volume    = {384},
  number    = {2},
  pages     = {391--406},
  publisher = {Springer},
}

@InProceedings{kounaves2002determination,
  author    = {Kounaves, Samuel P and Buehler, Martin G and Hecht, Michael H and West, Steve},
  title     = {Determination of geochemistry on {M}ars using an array of electrochemical sensors},
  booktitle = {ACS Symposium Series},
  year      = {2002},
  volume    = {811},
  pages     = {306--319},
}

@Article{sutter2004solid,
  author    = {Sutter, Jolanda and Radu, Aleksandar and Peper, Shane and Bakker, Eric and Pretsch, Ernő},
  title     = {Solid-contact polymeric membrane electrodes with detection limits in the subnanomolar range},
  journal   = {Analytica Chimica Acta},
  year      = {2004},
  volume    = {523},
  number    = {1},
  pages     = {53--59},
  publisher = {Elsevier},
}

@Article{malon2006potentiometry,
  author    = {Malon, Adam and Vigassy, Tamás and Bakker, Eric and Pretsch, Ernő},
  title     = {Potentiometry at trace levels in confined samples: ion-selective electrodes with subfemtomole detection limits},
  journal   = {Journal of the American Chemical Society},
  year      = {2006},
  volume    = {128},
  number    = {25},
  pages     = {8154--8155},
  publisher = {ACS Publications},
}

@Article{sodergaard2003lowering,
  author    = {Söderg{\aa}rd, Mikael and Csóka, Balázs and Nagy, Géza and Ivaska, Ari},
  title     = {Lowering the detection limit of solvent polymeric ion-selective membrane electrodes. {A}n experimental study with calcium-selective micropipette electrodes},
  journal   = {Analytical Letters},
  year      = {2003},
  volume    = {36},
  number    = {14},
  pages     = {2909--2923},
  publisher = {Taylor \& Francis},
}

@article{bobacka1994all,
  title={All solid-state poly (vinyl chloride) membrane ion-selective electrodes with poly (3-octylthiophene) solid internal contact},
  author={Bobacka, Johan and McCarrick, Mary and Lewenstam, Andrzej and Ivaska, Ari},
  journal={Analyst},
  volume={119},
  number={9},
  pages={1985--1991},
  year={1994},
  publisher={Royal Society of Chemistry}
}

@Article{sun2004construction,
  author    = {Sun, Xian Xiang and Zhang, Xu and Aboul-Enein, Hassan Y},
  title     = {Construction and characterization of potentiometric sensor for the determination of oxytetracycline hydrochloride},
  journal   = {Il Farmaco},
  year      = {2004},
  volume    = {59},
  number    = {4},
  pages     = {307--314},
  publisher = {Elsevier},
}

@Article{paciorek2005miniature,
  author    = {Paciorek, Renata and Bieganowski, Przemys{\l}aw and Maj-{\.Z}urawska, Magdalena},
  title     = {Miniature planar chloride electrodes},
  journal   = {Sensors and Actuators B: Chemical},
  year      = {2005},
  volume    = {108},
  number    = {1-2},
  pages     = {840--844},
  publisher = {Elsevier},
}

@Book{hill2015art,
  title     = {The art of electronics},
  publisher = {Cambridge University Press},
  year      = {2015},
  author    = {Hill, Winfield and Horowitz, Paul},
  isbn      = {ISBN-13: 978-0521809269},
}

@article{davies1942microelectrodes,
  title={Microelectrodes for measuring local oxygen tension in animal tissues},
  author={Davies, Philip W and Brink Jr, Frank},
  journal={Review of Scientific Instruments},
  volume={13},
  number={12},
  pages={524--533},
  year={1942},
  publisher={AIP Publishing}
}

@article{adams1976probing,
  title={Probing brain chemistry with electroanalytical techniques},
  author={Adams, Ralph N},
  journal={Analytical Chemistry},
  volume={48},
  number={14},
  pages={1126A--1138A},
  year={1976},
  publisher={ACS Publications}
}

@Article{bindra1975determination,
  author    = {Bindra, P and Brown, AP and Fleischmann, M and Pletcher, D},
  title     = {The determination of the kinetics of very fast electrode reactions by means of a quasi steady-state method: {T}he mercurous ion/mercury system: {P}art I. Theory},
  journal   = {Journal of Electroanalytical Chemistry and Interfacial Electrochemistry},
  year      = {1975},
  volume    = {58},
  number    = {1},
  pages     = {31--37},
  publisher = {Elsevier},
}

@Article{kissinger1973voltammetry,
  author    = {Kissinger, Peter T and Hart, Jonathan B and Adams, Ralph N},
  title     = {Voltammetry in brain tissue -- a new neurophysiological measurement},
  journal   = {Brain Research},
  year      = {1973},
  volume    = {55},
  number    = {1},
  pages     = {209--213},
  publisher = {Elsevier},
}

@Article{magno1995ultramicroelectrodes,
  author    = {Magno, Franco and Lavagnini, Irma},
  title     = {Ultramicroelectrodes in kinetic investigations supported by simulation. {A} review with some additional examples},
  journal   = {Analytica Chimica Acta},
  year      = {1995},
  volume    = {305},
  number    = {1-3},
  pages     = {96--105},
  publisher = {Elsevier},
}

@article{fleischmann1987behavior,
  title={The behavior of microelectrodes},
  author={Fleischmann, Martin and Pons, Stanley},
  journal={Analytical Chemistry},
  volume={59},
  number={24},
  pages={1391A--1399A},
  year={1987},
  publisher={ACS Publications}
}

@Article{bond1994past,
  author    = {Bond, Alan M},
  title     = {Past, present and future contributions of microelectrodes to analytical studies employing voltammetric detection. {A} review},
  journal   = {Analyst},
  year      = {1994},
  volume    = {119},
  number    = {11},
  pages     = {1R--21R},
  publisher = {Royal Society of Chemistry},
}

@article{wightman1988voltammetry,
  title={Voltammetry with microscopic electrodes in new domains},
  author={Wightman, R Mark},
  journal={Science},
  volume={240},
  number={4851},
  pages={415--420},
  year={1988},
  publisher={American Association for the Advancement of Science}
}

@article{wightman1990high,
  title={High-speed cyclic voltammetry},
  author={Wightman, R Mark and Wipf, David O},
  journal={Accounts of Chemical Research},
  volume={23},
  number={3},
  pages={64--70},
  year={1990},
  publisher={ACS Publications}
}

@Article{ewing1994electrochemical,
  author    = {Ewing, Andrew G and Mesaros, Jody M and Gavin, Peter F},
  title     = {Electrochemical detection in microcolumn separations},
  journal   = {Analytical Chemistry},
  year      = {1994},
  volume    = {66},
  number    = {9},
  pages     = {527A--537A},
  publisher = {ACS Publications},
}

@Book{wightman1989electroanalytical,
  title     = {Electroanalytical {C}hemistry},
  publisher = {Marcel-Dekker},
  year      = {1989},
  author    = {Wightman, RM and Wipf, DO and Bard, AJ},
  journal   = {Vol. 15Marcel Dekker, New York},
  pages     = {267},
}

@Book{oldham1991microelectrodes,
  title     = {Microelectrodes: {T}heory and {A}pplications},
  publisher = {Springer},
  year      = {1991},
  author    = {Oldham, KB and Montenegro, MI and Queiros, MA and Daschbach, JL},
  isbn      = {978-94-011-3210-7},
  journal   = {ed. MI Montenegro, MA Queiros and JL Daschbach},
  pages     = {35},
}

@article{ewing1981pulse,
  title={Pulse voltammetry with microvoltammetric electrodes},
  author={Ewing, AG and Dayton, MA and Wightman, RM},
  journal={Analytical Chemistry},
  volume={53},
  number={12},
  pages={1842--1847},
  year={1981},
  publisher={ACS Publications}
}

@Book{montenegro2012microelectrodes,
  title     = {Microelectrodes: {T}heory and {A}pplications},
  publisher = {Springer Science \& Business Media},
  year      = {2012},
  author    = {Montenegro, Irene and Queir{\'o}s, M Arlete and Daschbach, John L},
  volume    = {197},
}

@Article{izquierdo2012scanning,
  author    = {Izquierdo, Javier and Nagy, Lívia and Varga, Agnes and Bitter, István and Nagy, Géza and Souto, Ricardo M},
  title     = {Scanning electrochemical microscopy for the investigation of corrosion processes: measurement of {Z}n$^{2+}$ spatial distribution with ion selective microelectrodes},
  journal   = {Electrochimica Acta},
  year      = {2012},
  volume    = {59},
  number    = {1},
  pages     = {398--403},
  publisher = {Elsevier},
}

@Article{varga2011development,
  author    = {Varga, Agnes and Nagy, Lívia and Izquierdo, Javier and Bitter, István and Souto, Ricardo M and Nagy, Géza},
  title     = {Development of solid contact micropipette {Z}n-ion selective electrode for corrosion studies},
  journal   = {Analytical Letters},
  year      = {2011},
  volume    = {44},
  number    = {18},
  pages     = {2876--2886},
  publisher = {Taylor \& Francis},
}

@Article{Gyetvai2007,
  author    = {Gyetvai, Gergely and Sundblom, S{\"o}ren and Nagy, Lívia and Ivaska, Ari and Nagy, Géza},
  title     = {Solid contact micropipette ion selective electrode for potentiometric {SECM}},
  journal   = {Electroanalysis},
  year      = {2007},
  volume    = {19},
  number    = {10},
  pages     = {1116--1122},
  publisher = {Wiley Online Library},
}

@Article{bastos2010micropotentiometric,
  author    = {Bastos, AC and Taryba, MG and Karavai, OV and Zheludkevich, ML and Lamaka, SV and Ferreira, MGS},
  title     = {Micropotentiometric mapping of local distributions of {Z}n$^{2+}$ relevant to corrosion studies},
  journal   = {Electrochemistry Communications},
  year      = {2010},
  volume    = {12},
  number    = {3},
  pages     = {394--397},
  publisher = {Elsevier},
}

@Article{lamaka2009,
  author    = {Lamaka, Svetlana V and Taryba, Maryna G and Zheludkevich, Mikhail L and Ferreira, Mario GS},
  title     = {Novel Solid-Contact Ion-Selective Microelectrodes for Localized Potentiometric Measurements},
  journal   = {Electroanalysis},
  year      = {2009},
  volume    = {21},
  number    = {22},
  pages     = {2447--2453},
  publisher = {Wiley Online Library},
}

@Article{lamaka2008monitoring,
  author    = {Lamaka, SV and Karavai, OV and Bastos, AC and Zheludkevich, ML and Ferreira, MGS},
  title     = {Monitoring local spatial distribution of {M}g$^{2+}$, p{H} and ionic currents},
  journal   = {Electrochemistry Communications},
  year      = {2008},
  volume    = {10},
  number    = {2},
  pages     = {259--262},
  publisher = {Elsevier},
}

@Article{karavai2010localized,
  author    = {Karavai, OV and Bastos, AC and Zheludkevich, ML and Taryba, MG and Lamaka, SV and Ferreira, MGS},
  title     = {Localized electrochemical study of corrosion inhibition in microdefects on coated {AZ}31 magnesium alloy},
  journal   = {Electrochimica Acta},
  year      = {2010},
  volume    = {55},
  number    = {19},
  pages     = {5401--5406},
  publisher = {Elsevier},
}

@Article{ads,
  author    = {Jeff Rowberg},
  title     = {{I}$^2${C}dev library collection},
  journal   = {https://github.com/ jrowberg/ i2cdevlib/ blob/ master/ Arduino/ ADS1115/ ADS1115.h},
  year      = {2013},
  publisher = {Github},
}

@Article{izquierdo2013potentiometric,
  author    = {Izquierdo, Javier and Nagy, L{\'\i}via and Bitter, Istv{\'a}n and Souto, Ricardo M and Nagy, G{\'e}za},
  title     = {Potentiometric scanning electrochemical microscopy for the local characterization of the electrochemical behaviour of magnesium-based materials},
  journal   = {Electrochimica Acta},
  year      = {2013},
  volume    = {87},
  number    = {1},
  pages     = {283--293},
  publisher = {Elsevier},
}

@Article{izquierdo2013development,
  author    = {Izquierdo, Javier and Kiss, Andr{\'a}s and Santana, Juan Jos{\'e} and Nagy, L{\'\i}via and Bitter, Istv{\'a}n and Isaacs, Hugh S and Nagy, G{\'e}za and Souto, Ricardo M},
  title     = {Development of {M}g$^{2+}$ ion-selective microelectrodes for potentiometric scanning electrochemical microscopy monitoring of galvanic corrosion processes},
  journal   = {Journal of The Electrochemical Society},
  year      = {2013},
  volume    = {160},
  number    = {9},
  pages     = {C451--C459},
  publisher = {The Electrochemical Society},
}

@InBook{souto2012progress,
  chapter   = {Progress in scanning electrochemical microscopy by coupling potentiometric and amperometric measurement modes},
  pages     = {1407--1415},
  title     = {Current microscopy contributions to advances in science and technology},
  publisher = {Formatex, Badajoz, Spain},
  year      = {2012},
  author    = {Souto, RM and Izquierdo, J and Santana, JJ and Kiss, A and Nagy, L and Nagy, G},
  volume    = {2},
  journal   = {Current Microscopy Contributions to Advances in Science and Technology, Formatex Research Center, Badajoz},
}

@Article{izquierdo2016imaging,
  author    = {Izquierdo, Javier and Fern{\'a}ndez-P{\'e}rez, Bibiana M and Filot{\'a}s, D{\'a}niel and {\H{O}}ri, Zsuzsanna and Kiss, Andr{\'a}s and Mart{\'\i}n-G{\'o}mez, Romen T and Nagy, L{\'\i}via and Nagy, G{\'e}za and Souto, Ricardo M},
  title     = {Imaging of Concentration Distributions and Hydrogen Evolution on Corroding Magnesium Exposed to Aqueous Environments Using Scanning Electrochemical Microscopy},
  journal   = {Electroanalysis},
  year      = {2016},
  volume    = {28},
  pages     = {2354–2366.},
  publisher = {Wiley Online Library},
}

@Article{el2016secm,
  author    = {El Jaouhari, A and Filot{\'a}s, D and Kiss, A and Laabd, M and Bazzaoui, EA and Nagy, L and Nagy, G and Albourine, A and Martins, JI and Wang, R and Bazzaoui, M},
  title     = {{SECM} investigation of electrochemically synthesized polypyrrole from aqueous medium},
  journal   = {Journal of Applied Electrochemistry},
  year      = {2016},
  volume    = {46},
  number    = {12},
  pages     = {1199--1209},
  publisher = {Springer},
}

@article{kovacs1999automatic,
  title={Automatic target location strategy -- a novel approach in scanning electrochemical microscopy},
  author={Kov{\'a}cs, Barna and Cs{\'o}ka, Bal{\'a}zs and Nagy, G{\'e}za and Kapui, Imre and Gyurcs{\'a}nyi, R{\'o}bert E and T{\'o}th, Kl{\'a}ra},
  journal={Electroanalysis},
  volume={11},
  number={5},
  pages={349--355},
  year={1999},
  publisher={Wiley Online Library}
}

@MastersThesis{msc2011,
  author  = {Kiss, András},
  title   = {Szén-dioxid mikrocella fejlesztése és alkalmazása {PEKM} mé\-rő\-csúcs\-ként. Élesztőtelep szén-dioxid kibocsátásának modellszámításos becslése},
  school  = {Unpublished, University of Pécs, Department of General and Physical Chemistry},
  year    = {2011},
  journal = {University of Pécs, Department of General and Physical Chemistry},
}

@article{guggenheim1929conceptions,
  title={The conceptions of electrical potential difference between two phases and the individual activities of ions},
  author={Guggenheim, EA},
  journal={The Journal of Physical Chemistry},
  volume={33},
  number={6},
  pages={842--849},
  year={1929},
  publisher={ACS Publications}
}

@Article{guggenheim1930conception,
  author    = {Guggenheim, EA},
  title     = {On the conception of electrical potential difference between two phases. {II}},
  journal   = {The Journal of Physical Chemistry},
  year      = {1930},
  volume    = {34},
  number    = {7},
  pages     = {1540--1543},
  publisher = {ACS Publications},
}

@article{bakker2004phase,
  title={The phase-boundary potential model},
  author={Bakker, Eric and B{\"u}hlmann, Philippe and Pretsch, Ern{\"o}},
  journal={Talanta},
  volume={63},
  number={1},
  pages={3--20},
  year={2004},
  publisher={Elsevier}
}

@Article{planck1890ueber,
  author    = {Planck, Max},
  title     = {Ueber die {P}otentialdifferenz zwischen zwei verd{\"u}nnten {L}{\"o}sungen bin{\"a}rer {E}lectrolyte},
  journal   = {Annalen der Physik},
  year      = {1890},
  volume    = {276},
  number    = {8},
  pages     = {561--576},
  publisher = {Wiley Online Library},
}

@Article{nernst1889elektromotorische,
  author    = {Nernst, Walther},
  title     = {Die elektromotorische {W}irksamkeit der {J}onen},
  journal   = {Zeitschrift f{\"u}r Physikalische Chemie},
  year      = {1889},
  volume    = {4},
  number    = {1},
  pages     = {129--181},
  publisher = {De Gruyter},
}

@Article{planck1890ueber2,
  author    = {Planck, Max},
  title     = {Ueber die {E}rregung von {E}lectricität und {W}ärme in {E}lectrolyten},
  journal   = {Annalen der Physik},
  year      = {1890},
  volume    = {275},
  number    = {2},
  pages     = {161--186},
  publisher = {Wiley Online Library},
}

@Article{jasielec2015neutral,
  author    = {Jasielec, Jerzy J and Sokalski, Tomasz and Filipek, Robert and Lewenstam, Andrzej},
  title     = {Neutral-Carrier Ion-Selective Electrodes Assessed by the {N}ernst -- {P}lanck -- {P}oisson Model},
  journal   = {Analytical Chemistry},
  year      = {2015},
  volume    = {87},
  number    = {17},
  pages     = {8665--8672},
  publisher = {ACS Publications},
}

@Article{sokalski2009time,
  author    = {Sokalski, Tomasz and Kucza, Witold and Danielewski, Marek and Lewenstam, Andrzej},
  title     = {Time-Dependent Phenomena in the Potential Response of Ion-Selective Electrodes Treated by the {N}ernst -- {P}lanck -- {P}oisson Model. {P}art 2: {T}ransmembrane Processes and Detection Limit},
  journal   = {Analytical Chemistry},
  year      = {2009},
  volume    = {81},
  number    = {12},
  pages     = {5016--5022},
  publisher = {ACS Publications},
}

@Article{lingenfelter2006time,
  author    = {Lingenfelter, Peter and Bedlechowicz-Sliwakowska, Iwona and Sokalski, Tomasz and Maj-Zurawska, Magdalena and Lewenstam, Andrzej},
  title     = {Time-Dependent Phenomena in the Potential Response of Ion-selective Electrodes Treated by the {N}ernst -- {P}lanck -- {P}oisson Model. 1. {I}ntramembrane Processes and Selectivity},
  journal   = {Analytical Chemistry},
  year      = {2006},
  volume    = {78},
  number    = {19},
  pages     = {6783--6791},
  publisher = {ACS Publications},
}

@Article{kurzweil2009metal,
  author    = {Kurzweil, Peter},
  title     = {Metal oxides and ion-exchanging surfaces as p{H} sensors in liquids: {S}tate-of-the-art and outlook},
  journal   = {Sensors},
  year      = {2009},
  volume    = {9},
  number    = {6},
  pages     = {4955--4985},
  publisher = {Molecular Diversity Preservation International},
}

@article{buck1994recommendations,
  title={Recommendations for nomenclature of ionselective electrodes (IUPAC Recommendations 1994)},
  author={Buck, Richard P and Lindner, Erno},
  journal={Pure and Applied Chemistry},
  volume={66},
  number={12},
  pages={2527--2536},
  year={1994}
}

@article{lisak2010study,
  title={A study on lowering the detection limit with solid-state lead-selective electrodes},
  author={Lisak, Grzegorz and Sokalski, Tomasz and Bobacka, Johan and Harju, Leo and Lewenstam, Andrzej},
  journal={Talanta},
  volume={83},
  number={2},
  pages={436--440},
  year={2010},
  publisher={Elsevier}
}

@article{lisak2011tuned,
  title={Tuned galvanostatic polarization of solid-state lead-selective electrodes for lowering of the detection limit},
  author={Lisak, Grzegorz and Sokalski, Tomasz and Bobacka, Johan and Harju, Leo and Mikhelson, Konstantin and Lewenstam, Andrzej},
  journal={Analytica Chimica Acta},
  volume={707},
  number={1},
  pages={1--6},
  year={2011},
  publisher={Elsevier}
}

@article{jasielec2010comparison,
  title={Comparison of different approaches to the description of the detection limit of ion-selective electrodes},
  author={Jasielec, Jerzy J and Sokalski, Tomasz and Filipek, Robert and Lewenstam, Andrzej},
  journal={Electrochimica Acta},
  volume={55},
  number={22},
  pages={6836--6848},
  year={2010},
  publisher={Elsevier}
}

@Article{toumazou2011piet,
  author    = {Toumazou, Chris and Georgiou, Pantelis},
  title     = {Piet {B}ergveld -- 40 years of {ISFET} technology: {F}rom neuronal sensing to {DNA} sequencing},
  journal   = {Electronics Letters},
  year      = {2011},
  volume    = {47},
  number    = {26},
  pages     = {S7--S12},
  publisher = {IET},
}

@article{filotas2016combined,
  title={Combined amperometric/potentiometric probes for improved chemical imaging of corroding surfaces using {S}canning {E}lectrochemical {M}icroscopy},
  author={Filot{\'a}s, D and Fern{\'a}ndez-P{\'e}rez, BM and Izquierdo, J and Nagy, L and Nagy, G and Souto, RM},
  journal={Electrochimica Acta},
  volume={221},
  pages={48--55},
  year={2016},
  publisher={Elsevier}
}
@article{izquierdo2011novel,
  title={A novel microelectrochemical strategy for the study of corrosion inhibitors employing the scanning vibrating electrode technique and dual potentiometric/amperometric operation in scanning electrochemical microscopy: application to the study of the cathodic inhibition by benzotriazole of the galvanic corrosion of copper coupled to iron},
  author={Izquierdo, Javier and Nagy, L{\'\i}via and Santana, Juan J and Nagy, G{\'e}za and Souto, Ricardo M},
  journal={Electrochimica Acta},
  volume={58},
  pages={707--716},
  year={2011},
  publisher={Elsevier}
}
@article{csoka2009carbon,
  title={Carbon paste-based ion-selective dual function microelectrodes for {SECM} measurements},
  author={Csóka, Balazs and Mekhalif, Zineb},
  journal={Electrochimica Acta},
  volume={54},
  number={11},
  pages={3225--3232},
  year={2009},
  publisher={Elsevier}
}


@Comment{jabref-meta: databaseType:bibtex;}
